%% This BibTeX bibliography file was created using BibDesk.
%% http://bibdesk.sourceforge.net/


%% Created for Richard Oldham at 2012-10-01 07:42:42 -0400 


%% Saved with string encoding Unicode (UTF-8) 



@book{Nielsen-Jakob:1993fk,
	Address = {{San Francisco, CA, USA}},
	Author = {{Nielsen, Jakob}},
	Date-Added = {2012-10-01 11:39:07 +0000},
	Date-Modified = {2012-10-01 11:40:00 +0000},
	Publisher = {{Morgan Kaufmann Publishers Inc.}},
	Title = {{Usability Engineering}},
	Year = {1993}}

@incollection{Wharton-Cathleen-and-Rieman-John-and-Lewis-Clayton-and-Polson-Peter:1994uq,
	Address = {{New York, NY, USA}},
	Author = {{Wharton, Cathleen and Rieman, John and Lewis, Clayton and Polson, Peter}},
	Chapter = {{The cognitive walkthrough method: a practitioner's guide}},
	Date-Added = {2012-10-01 03:45:41 +0000},
	Date-Modified = {2012-10-01 03:49:38 +0000},
	Editor = {{Nielsen, Jakob and Mack, Robert L.}},
	Pages = {105--140},
	Publisher = {{John Wiley \& Sons, Inc.}},
	Title = {{Usability inspection methods}},
	Year = {1994},
	Bdsk-File-1 = {YnBsaXN0MDDUAQIDBAUIJidUJHRvcFgkb2JqZWN0c1gkdmVyc2lvblkkYXJjaGl2ZXLRBgdUcm9vdIABqAkKFRYXGyIjVSRudWxs0wsMDQ4RElpOUy5vYmplY3RzViRjbGFzc1dOUy5rZXlzog8QgASABoAHohMUgAKAA1lhbGlhc0RhdGFccmVsYXRpdmVQYXRo0hgMGRpXTlMuZGF0YU8RAfYAAAAAAfYAAgAABFJBSUQAAAAAAAAAAAAAAAAAAAAAAAAAAAAAAMvRr+JIKwAAAWhvNhNDb2cgV2Fsa3Rocm91Z2gucGRmAAAAAAAAAAAAAAAAAAAAAAAAAAAAAAAAAAAAAAAAAAAAAAAAAAAAAAAAAAABaGpezI6H0gAAAAAAAAAAAAEAAgAACSAAAAAAAAAAAAAAAAAAAAAKTGl0ZXJhdHVyZQAQAAgAAMvR6CIAAAARAAgAAMyOwBIAAAABABwBaG82AVWTOAD2AdgAETEIABDUFAAP5jwAD+YtAAIAaVJBSUQ6VXNlcnM6AGFydGh1cjoARHJvcGJveDoARG9jdW1lbnRzOgAyMTIxLkhDSSBhbmQgRXZhbDoAZUhPU1QgUHJvamVjdDoATGl0ZXJhdHVyZToAQ29nIFdhbGt0aHJvdWdoLnBkZgAADgAoABMAQwBvAGcAIABXAGEAbABrAHQAaAByAG8AdQBnAGgALgBwAGQAZgAPAAoABABSAEEASQBEABIAXVVzZXJzL2FydGh1ci9Ecm9wYm94L0RvY3VtZW50cy8yMTIxLkhDSSBhbmQgRXZhbC9lSE9TVCBQcm9qZWN0L0xpdGVyYXR1cmUvQ29nIFdhbGt0aHJvdWdoLnBkZgAAEwABLwAAFQACAA3//wAAgAXSHB0eH1gkY2xhc3Nlc1okY2xhc3NuYW1lox8gIV1OU011dGFibGVEYXRhVk5TRGF0YVhOU09iamVjdF8QIS4uL0xpdGVyYXR1cmUvQ29nIFdhbGt0aHJvdWdoLnBkZtIcHSQloiUhXE5TRGljdGlvbmFyeRIAAYagXxAPTlNLZXllZEFyY2hpdmVyAAgAEQAWAB8AKAAyADUAOgA8AEUASwBSAF0AZABsAG8AcQBzAHUAeAB6AHwAhgCTAJgAoAKaApwCoQKqArUCuQLHAs4C1wL7AwADAwMQAxUAAAAAAAACAQAAAAAAAAAoAAAAAAAAAAAAAAAAAAADJw==}}

@inproceedings{Nielsen:1994fk,
	Address = {New York, NY, USA},
	Author = {Nielsen, Jakob},
	Booktitle = {{Conference companion on Human factors in computing systems}},
	Date-Added = {2012-10-01 03:42:50 +0000},
	Date-Modified = {2012-10-01 03:44:28 +0000},
	Pages = {413--414},
	Publisher = {ACM},
	Series = {{CHI '94}},
	Title = {Usability inspection methods},
	Year = {1994},
	Bdsk-File-1 = {YnBsaXN0MDDUAQIDBAUIJidUJHRvcFgkb2JqZWN0c1gkdmVyc2lvblkkYXJjaGl2ZXLRBgdUcm9vdIABqAkKFRYXGyIjVSRudWxs0wsMDQ4RElpOUy5vYmplY3RzViRjbGFzc1dOUy5rZXlzog8QgASABoAHohMUgAKAA1lhbGlhc0RhdGFccmVsYXRpdmVQYXRo0hgMGRpXTlMuZGF0YU8RAe4AAAAAAe4AAgAABFJBSUQAAAAAAAAAAAAAAAAAAAAAAAAAAAAAAMvRr+JIKwAAAWhvNhFOaWVsc2VuWzE5OTRdLnBkZgAAAAAAAAAAAAAAAAAAAAAAAAAAAAAAAAAAAAAAAAAAAAAAAAAAAAAAAAAAAAABaG8SzI6I+1BERiBDQVJPAAEAAgAACSAAAAAAAAAAAAAAAAAAAAAKTGl0ZXJhdHVyZQAQAAgAAMvR6CIAAAARAAgAAMyOwTsAAAABABwBaG82AVWTOAD2AdgAETEIABDUFAAP5jwAD+YtAAIAZ1JBSUQ6VXNlcnM6AGFydGh1cjoARHJvcGJveDoARG9jdW1lbnRzOgAyMTIxLkhDSSBhbmQgRXZhbDoAZUhPU1QgUHJvamVjdDoATGl0ZXJhdHVyZToATmllbHNlblsxOTk0XS5wZGYAAA4AJAARAE4AaQBlAGwAcwBlAG4AWwAxADkAOQA0AF0ALgBwAGQAZgAPAAoABABSAEEASQBEABIAW1VzZXJzL2FydGh1ci9Ecm9wYm94L0RvY3VtZW50cy8yMTIxLkhDSSBhbmQgRXZhbC9lSE9TVCBQcm9qZWN0L0xpdGVyYXR1cmUvTmllbHNlblsxOTk0XS5wZGYAABMAAS8AABUAAgAN//8AAIAF0hwdHh9YJGNsYXNzZXNaJGNsYXNzbmFtZaMfICFdTlNNdXRhYmxlRGF0YVZOU0RhdGFYTlNPYmplY3RfEB8uLi9MaXRlcmF0dXJlL05pZWxzZW5bMTk5NF0ucGRm0hwdJCWiJSFcTlNEaWN0aW9uYXJ5EgABhqBfEA9OU0tleWVkQXJjaGl2ZXIACAARABYAHwAoADIANQA6ADwARQBLAFIAXQBkAGwAbwBxAHMAdQB4AHoAfACGAJMAmACgApIClAKZAqICrQKxAr8CxgLPAvEC9gL5AwYDCwAAAAAAAAIBAAAAAAAAACgAAAAAAAAAAAAAAAAAAAMd}}
